%% This BibTeX bibliography file was created using BibDesk.
%% http://bibdesk.sourceforge.net/


%% Created for Karsten HÃ¼tter at 2008-09-02 11:44:11 +0200 


%% Saved with string encoding Unicode (UTF-8) 



@incollection{schmidXXXXtagging,
	Author = {Schmid, Helmut},
	Booktitle = {Corpus Linguistics. An International Handbook.},
	Date-Added = {2008-09-02 10:58:02 +0200},
	Date-Modified = {2008-09-02 11:05:04 +0200},
	Editor = {L{\"u}deling, Anke AND Kyt{\"o}, Merja},
	Publisher = {Mouton de Gruyter},
	Title = {Tokenizing and part-of-speech tagging},
	Year = {erscheint}}

@incollection{lehmbergXXXXstandards,
	Author = {Lehmberg, Timm AND W{\"o}rner, Kai},
	Date-Added = {2008-09-02 10:55:35 +0200},
	Date-Modified = {2008-09-02 11:01:06 +0200},
	Editor = {L{\"u}deling, Anke AND Kyt{\"o}, Merja},
	Keywords = {Corpus Linguistics. An International Handbook.},
	Publisher = {Mouton de Gruyter},
	Title = {Annotation standards},
	Year = {erscheint}}

@inproceedings{luedeling2005lernercorpora,
	Address = {Birmingham},
	Author = {L{\"u}deling, Anke AND Walter, Maik AND Kroymann, Emil AND Adolphs, Peter},
	Booktitle = {Proceedings of Corpus Linguistics 2005},
	Date-Added = {2008-09-02 10:48:41 +0200},
	Date-Modified = {2008-09-02 10:50:36 +0200},
	Title = {Multi-level error annotation in lerner corpora},
	Year = {2005}}

@article{chiarcosXXXXframework,
	Author = {Chiarcos, Christian AND Dipper, Stefanie AND G{\"o}tze, Michael AND Leser, Ulf AND L{\"u}deling, Anke AND Ritz, Julia AND Stede, Manfred},
	Date-Added = {2008-09-02 10:40:38 +0200},
	Date-Modified = {2008-09-02 10:42:33 +0200},
	Journal = {Traitement Automatique de Lange de Langue},
	Title = {A Flexible Framework for Integrating Annotations from Different Tools and Tagsets},
	Year = {erscheint}}

@article{carletta2005nite,
	Author = {Carletta, J. AND Evert, S. AND Heid, U. AND Kilgour, J.},
	Date-Added = {2008-09-02 10:38:53 +0200},
	Date-Modified = {2008-09-02 10:39:57 +0200},
	Journal = {Language Resources and Evaluation Journal},
	Number = {4},
	Pages = {313-334},
	Title = {The NITE XML Toolkit: data model and query},
	Url = {http://homepages.inf.ed.ac.uk/jeanc/publications.html},
	Volume = {39},
	Year = {2005}}

@article{davies2005ijcl,
	Author = {Davies, Mark},
	Date-Added = {2008-08-26 14:11:51 +0200},
	Date-Modified = {2008-08-26 14:53:45 +0200},
	Journal = {International Journal of Corpus Linguistics},
	Pages = {301-28},
	Title = {The advantage of using relational databases for large corpora: speed, advanced queries, and unlimited annotation},
	Volume = {10},
	Year = {2005}}

@book{korman1971industrial,
	Address = {Englewood Cliffs, New Jersey},
	Author = {Korman, A. K.},
	Date-Added = {2008-08-23 11:52:39 +0200},
	Date-Modified = {2008-08-23 11:58:41 +0200},
	Publisher = {Prentice Hall},
	Title = {Industrial and Organizational Psychology},
	Year = {1971}}

@book{bortz2006methoden,
	Address = {Berlin},
	Author = {Bortz, J{\"u}rgen AND D{\"o}ring, Nicola},
	Date-Added = {2008-08-23 11:44:00 +0200},
	Date-Modified = {2008-08-23 12:07:47 +0200},
	Isbn-13 = {978-3540333050},
	Month = {September},
	Publisher = {Springer},
	Title = {Forschungsmethoden und Evaluation: f{\"u}r Human- und Sozialwissenschaftler},
	Volume = {4, {\"u}berarb. Aufl.},
	Year = {2006}}

@incollection{muellerXXXXsyntax,
	Author = {M{\"u}ller AND Mewers},
	Booktitle = {Corpus Linguistics. An International Handbook.},
	Date-Added = {2008-08-22 11:25:26 +0200},
	Date-Modified = {2008-09-02 11:00:56 +0200},
	Editor = {L{\"u}deling, Anke AND Kyt{\"o}, Merja},
	Publisher = {Mouton de Gruyter},
	Title = {Corpora and syntax},
	Year = {erscheint}}

@inproceedings{fillmore1992armchair,
	Author = {Fillmore, Charles J.},
	Booktitle = {Directions in Corpus Linguistics},
	Date-Added = {2008-08-22 08:32:47 +0200},
	Date-Modified = {2008-08-22 08:36:49 +0200},
	Note = {(Proceedings des Nobel Symposium on Corpus Linguistics 1992, Stockholm)},
	Pages = {35-60},
	Publisher = {Mouton de Gruyter},
	Title = {'Corpus linguistics' vs. 'Computer-aided armchair linguistics'},
	Year = {1992}}

@article{jolicoeur1960pca,
	Author = {Jolicoeur, Pierre AND Mosiman, J. E.},
	Date-Added = {2008-08-21 16:51:45 +0200},
	Date-Modified = {2008-08-22 08:09:27 +0200},
	Journal = {Growth},
	Number = {339-354},
	Title = {Size and Shape Variation in the Painted Turtle: a Principal Components Analysis},
	Volume = {24},
	Year = {1960}}

@manual{smith2002pca,
	Author = {Smith, Lindsay I.},
	Date-Added = {2008-08-05 10:20:22 +0200},
	Date-Modified = {2008-08-05 10:22:00 +0200},
	Month = {02},
	Title = {A tutorial on Principal Components Analysis},
	Url = {http://www.cs.otago.ac.nz/cosc453/student_tutorials/principal_components.pdf},
	Year = {2002},
	Bdsk-Url-1 = {http://www.cs.otago.ac.nz/cosc453/student_tutorials/principal_components.pdf}}

@article{kilgarriff2007googleology,
	Author = {Kilgarriff, Adam},
	Date-Added = {2008-07-31 08:52:49 +0200},
	Date-Modified = {2008-07-31 08:54:46 +0200},
	Issn = {0891-2017},
	Journal = {Computational Linguistics},
	Number = {1},
	Pages = {147-151},
	Title = {Googleology is Bad Science},
	Volume = {33},
	Year = {2007}}

@article{chiarcosXXXXonthology,
	Author = {Chiarcos, Christian},
	Date-Added = {2008-07-09 11:39:54 +0200},
	Date-Modified = {2008-08-26 14:05:28 +0200},
	Journal = {GLDV-Journal for Computational Linguistics and Language Technology},
	Title = {An Ontology of Linguistic Annotations},
	Year = {erscheint}}

@incollection{wynneXXXXsearching,
	Author = {Wynne, Martin},
	Booktitle = {Corpus Linguistics. An International Handbook.},
	Date-Added = {2008-07-02 09:44:54 +0200},
	Date-Modified = {2008-09-02 11:00:49 +0200},
	Editor = {L{\"u}deling, Anke AND Kyt{\"o}, Merja},
	Publisher = {Mouton de Gruyter},
	Title = {Searching and concordancing},
	Year = {erscheint}}

@book{sperberg1994teip3,
	Address = {Chicago, Oxford},
	Date-Added = {2008-07-01 11:19:14 +0200},
	Date-Modified = {2008-07-01 11:21:03 +0200},
	Editor = {C. M. Sperberg-McQueen AND Lou Burnard},
	Publisher = {Text Encoding Initiative},
	Title = {Guidelines for Electronic Text Encoding and Interchange (TEI P3)},
	Year = {1994}}

@book{burnard2008teip5,
	Address = {Chicago, Oxford},
	Date-Added = {2008-07-01 11:19:14 +0200},
	Date-Modified = {2008-08-22 08:20:22 +0200},
	Editor = {Burnard, Lou AND Bauman, Syd},
	Publisher = {Text Encoding Initiative},
	Title = {TEI P5: Guidelines for Electronic Text Encoding and Interchange},
	Url = {http://www.tei-c.org/release/doc/tei-p5-doc/en/Guidelines.pdf},
	Year = {2008},
	Bdsk-Url-1 = {http://www.tei-c.org/release/doc/tei-p5-doc/en/Guidelines.pdf}}

@manual{annis2007shortintro,
	Date-Added = {2008-06-19 10:33:53 +0200},
	Date-Modified = {2008-06-19 10:34:49 +0200},
	Title = {Short Introduction to the ANNIS Query Language}}

@inproceedings{thompson1997standoff,
	Author = {Thompson, Henry AND McKelvie, David},
	Booktitle = {Proceedings of SGML Europe'97},
	Date-Added = {2008-06-13 10:48:06 +0200},
	Date-Modified = {2008-06-13 11:07:27 +0200},
	Keywords = {XML standoff},
	Title = {Hyperlink semantics for standoff markup of read-only documents},
	Url = {http://www.ltg.ed.ac.uk/~ht/sgmleu97.html},
	Year = {1997},
	Bdsk-Url-1 = {http://www.ltg.ed.ac.uk/~ht/sgmleu97.html}}

@url{nielsen1997difference,
	Author = {Nielsen, Jakob},
	Date-Added = {2008-06-09 08:47:39 +0200},
	Date-Modified = {2008-06-09 08:49:03 +0200},
	Keywords = {Difference Web GUI},
	Month = {05},
	Title = {The Difference Between Web Design and GUI Design},
	Url = {http://www.useit.com/alertbox/9705a.html},
	Year = {1997},
	Bdsk-Url-1 = {http://www.useit.com/alertbox/9705a.html}}

@url{nielsen1997metaphor,
	Author = {Nielsen, Jakob},
	Date-Added = {2008-06-09 08:45:40 +0200},
	Date-Modified = {2008-06-09 10:58:30 +0200},
	Keywords = {Metaphor Telephone Internet},
	Month = {05},
	Title = {The telephone is the best metaphor for the Web},
	Url = {http://www.useit.com/alertbox/9705b.html.},
	Year = {1997},
	Bdsk-Url-1 = {http://www.useit.com/alertbox/9705b.html.}}

@inproceedings{dipper2004isis,
	Address = {Potsdam, Germany},
	Author = {Dipper, Stefanie AND G{\"o}tze, Michael AND Stede, Manfred AND Wegst, Tillmann},
	Booktitle = {Interdisciplinary Studies on Information Structure (ISIS)},
	Date-Added = {2008-06-04 13:01:06 +0200},
	Date-Modified = {2008-07-02 12:22:12 +0200},
	Editor = {Ishihara, Shinichiro AND Schmitz, Michaela AND Schwarz, Anne},
	Pages = {245-279},
	Publisher = {Universit{\"a}tsverlag Potsdam},
	Title = {ANNIS: A linguistic database for exploring information structure},
	Volume = {1},
	Year = {2004}}

@book{krech1992psych,
	Address = {Weinheim},
	Date-Added = {2008-05-30 12:59:10 +0200},
	Date-Modified = {2008-05-30 13:05:33 +0200},
	Editor = {Krech, David AND Crutchfield, Richard},
	Keywords = {Psychologie Grundlagen},
	Publisher = {Psychologie Verlags Union},
	Title = {Grundlagen der Psychologie},
	Volume = {Studienausgabe},
	Year = {1992}}

@book{alonso2004webservices,
	Author = {Alonso, Gustavo AND Casati, Fabio AND Kuno, Harumi AND Machiraju, Vijay},
	Date-Added = {2008-05-26 18:25:48 +0200},
	Date-Modified = {2008-05-26 18:37:34 +0200},
	Isbn = {3-540-44008-9},
	Keywords = {Web Services},
	Publisher = {Springer-Verl. Berlin, Heidelberg, New York},
	Title = {Web Services},
	Year = {2004}}

@unpublished{rosenfeldXXXX,
	Author = {Rosenfeld, Viktor},
	Date-Added = {2008-05-22 13:24:37 +0200},
	Date-Modified = {2008-07-02 13:28:19 +0200},
	Keywords = {DDDQuery},
	Note = {Laufende Studienarbeit an der HU Berlin.},
	Title = {Implemetierung von DDDQuery},
	Url = {http://www.informatik.hu-berlin.de/forschung/gebiete/wbi/teaching/studienDiplomArbeiten/running/rosenfeld_expose_071220.pdf},
	Year = {erscheint},
	Bdsk-Url-1 = {http://www.informatik.hu-berlin.de/forschung/gebiete/wbi/teaching/studienDiplomArbeiten/running/rosenfeld_expose_071220.pdf}}

@article{dipper2004ddd,
	Address = {Lisbon, Portugal},
	Author = {Dipper, Stefanie AND Faulstich, Lukas AND Leser, Ulf AND L{\"u}deling, Anke},
	Date-Added = {2008-05-22 13:12:57 +0200},
	Date-Modified = {2008-05-22 13:23:18 +0200},
	Journal = {Workshop on XML-based richly annotated corpora},
	Title = {Challenges in Modelling a Richly Annotated Diachronic Corpus of German},
	Url = {http://www.informatik.hu- berlin.de/Forschung_ Lehre/wbi/publications/2004/xbrac04_final.pdf},
	Year = {2004},
	Bdsk-Url-1 = {http://www.informatik.hu-%20berlin.de/Forschung_%20Lehre/wbi/publications/2004/xbrac04_final.pdf}}

@mastersthesis{futterleib2007,
	Address = {Berlin, Germany},
	Author = {Futterleib, Katja},
	Date-Added = {2008-05-22 10:16:06 +0200},
	Date-Modified = {2008-07-02 12:23:35 +0200},
	Keywords = {Visualisierung},
	School = {Humboldt-Universit{\"a}t},
	Title = {Visualisierung reich annotierter linguistischer Daten},
	Type = {Magisterarbeit},
	Year = {2007}}

@inproceedings{stede2004pcc,
	Address = {Barcelona},
	Author = {Stede, Manfred},
	Booktitle = {ACL Workshop on Discourse Annotation},
	Date-Added = {2008-05-22 09:52:28 +0200},
	Date-Modified = {2008-05-22 09:54:51 +0200},
	Pages = {96-102},
	Title = {The Potsdam Commentary Corpus},
	Year = {2004}}

@url{rapaport2006buffallo,
	Author = {Rapaport, William J.},
	Date-Added = {2008-05-22 09:16:41 +0200},
	Date-Modified = {2008-05-22 09:55:34 +0200},
	Keywords = {Buffallo Rapaport Sentence},
	Lastchecked = {2006-05-22},
	Title = {A History of the Sentence "Buffalo buffalo buffalo buffalo buffalo."},
	Url = {http://www.cse.buffalo.edu/~rapaport/buffalobuffalo.html},
	Urldate = {2006-05-22},
	Year = {2006},
	Bdsk-Url-1 = {http://www.cse.buffalo.edu/~rapaport/buffalobuffalo.html}}

@book{bunse2002,
	Address = {Heidelberg; Berlin},
	Author = {Bunse, Christian AND von Knethen, Antje},
	Date-Added = {2008-05-21 09:02:25 +0200},
	Date-Modified = {2008-05-21 09:06:37 +0200},
	Isbn = {3-8274-1203-X},
	Publisher = {Spektrum, Akad. Verl.},
	Title = {Vorgehensmodell kompakt},
	Year = {2002}}

@conference{calde2002,
	Address = {New York, NY},
	Author = {Calde, Steve AND Goodwin, Kim AND Reimann, Robert},
	Booktitle = {Conference on Human Factors and Computing Systems, Case studies of the CHI2002/AIGA Experience Design Forum},
	Date-Added = {2008-05-20 08:35:23 +0200},
	Date-Modified = {2008-05-20 08:42:52 +0200},
	Publisher = {ACM Press},
	Title = {SHS Orcas: The first integrated information system for long-term healthcare facility management},
	Year = {2002}}

@book{tielsch2008wahrnehmung,
	Address = {M{\"u}nster},
	Author = {Tielsch, Meinald T.},
	Date-Added = {2008-05-19 11:36:58 +0200},
	Date-Modified = {2008-06-09 10:00:46 +0200},
	Publisher = {MV Wissenschaft},
	Title = {{\"A}sthetik von Websites. Wahrnehmung von {\"A}sthetik und deren Beziehung zu Inhalt, Usability und Pers{\"o}nlichkeitsmerkmalen},
	Year = {2008}}

@inproceedings{nielsen-molich90,
	Address = {Seattle, WA},
	Author = {Nielsen, Jakob AND Molich, Rolf},
	Booktitle = {ACM CHI'90 Conference},
	Date-Added = {2008-04-04 20:01:01 +0200},
	Date-Modified = {2008-04-12 09:28:26 +0200},
	Month = {1-5 April},
	Pages = {249-256},
	Title = {Heuristic evaluation of user interfaces},
	Year = {1990}}

@inbook{nielsen94-heuristic-eval,
	Address = {New York, NY},
	Chapter = {Heuristic evaluation},
	Date-Added = {2008-04-04 11:30:46 +0200},
	Date-Modified = {2008-04-12 09:29:29 +0200},
	Editor = {Nielsen, Jakob AND Mack, Robert L.},
	Publisher = {John Wiley \& Sons},
	Title = {Usability Inspection Methods},
	Year = {1994}}

@proceedings{nielsen94-enhancing-heuristics,
	Address = {Bostin, MA},
	Author = {Nielsen, Jakob},
	Booktitle = {ACM CHI'94 Conference},
	Date-Added = {2008-04-04 11:27:29 +0200},
	Date-Modified = {2008-04-04 20:04:10 +0200},
	Month = {April 24-28},
	Pages = {152-158},
	Title = {Enhancing the explanatory power of usability heuristics},
	Year = {1994}}

@book{mayhew94,
	Date-Added = {2008-03-31 11:47:44 +0200},
	Date-Modified = {2008-03-31 11:51:05 +0200},
	Editor = {Mayhew, Deborah J. AND Bias, Randolph G.},
	Publisher = {Morgan Kaufmann},
	Title = {Cost-Justifying Usability},
	Year = {1994}}

@inproceedings{lezius02,
	Address = {Saarbr{\"u}cken},
	Author = {Lezius, Wolfgang},
	Booktitle = {Proceedings der 6. Konferenz zur Verarbeitung nat{\"u}rlicher Sprache (KONVENS 2002)},
	Date-Added = {2008-03-31 09:54:18 +0200},
	Date-Modified = {2008-09-02 11:44:11 +0200},
	Title = {Tiger Search - Ein Suchwerkzeug f{\"u}r Baumbanken},
	Url = {http://www.ims.uni-stuttgart.de/projekte/corplex/paper/lezius/konvens2002.pdf},
	Year = {2002}}

@article{beimel94,
	Author = {Beimel, Jurgen AND Schindler, Raimund AND Wandke, Hartmut},
	Date-Added = {2008-03-20 07:51:53 +0100},
	Date-Modified = {2008-03-20 07:53:17 +0100},
	Journal = {Behaviour and Information Technology},
	Number = {4},
	Pages = {299-308},
	Title = {Do Human Factors Experts Accept the ISO 9241 Part 10 -- Dialogue Principle -- Standard?},
	Volume = {13},
	Year = {1994}}

@book{dahm06,
	Abstract = {Mit der wachsenden Komplexit{\"a}t von Webseiten, Benutzungsschnittstellen oder auch Wohnzimmer-Hightech und Handys spielt die gute Benutzbarkeit der eingesetzten Software eine immer gr{\"o}{\ss}ere Rolle f{\"u}r den Erfolg von Produkten. Wer Programme schreibt, die von Menschen direkt benutzt werden sollen, muss nicht nur f{\"u}r die fehlerfreie Implementierung aller Funktionen sorgen, sondern sich auch {\"u}ber die ergonomische Gestaltung Gedanken machen. Markus Dahm zeigt in seinem Buch, wie gebrauchstaugliche Software entwickelt und implementiert werden kann. Ausgehend von konkreten Beispielen erl{\"a}utert er die theoretischen Grundlagen und zeigt dann deren Anwendung bei klassischen Benutzungsschnittstellen wie Office-Anwendungen, Websites (z.B. im E-Commerce) und eingebetteten Applikationen wie Handys oder Digitalkameras. Neben den Normen, physiologischen Grundlagen und technischen Anleitungen soll der Leser auch das n{\"o}tige Fingerspitzengef{\"u}hl f{\"u}r die Ermittlung und Umsetzung der Anforderungen entwickeln und den interdisziplin{\"a}ren Charakter der Softwareergonomie erkennen und annehmen. Am Ende jedes Kapitels werden die neuen Erkenntnisse noch einmal zusammengefasst und der Lernerfolg kann durch {\"U}bungsaufgaben {\"u}berpr{\"u}ft werden.},
	Address = {M{\"u}nchen},
	Author = {Dahm, Markus},
	Date-Added = {2008-03-20 07:41:53 +0100},
	Date-Modified = {2008-09-02 11:32:58 +0200},
	Publisher = {Pearson Studium},
	Title = {Grundlagen der Mensch-Computer-Interaktion},
	Year = {2006}}

@inproceedings{woerner2006,
	Address = {Montr{\'e}al, Canada},
	Author = {W{\"o}rner, Kai AND Witt, Andreas AND Rehm, Georg AND Dipper, Stefanie},
	Booktitle = {Proceedings of the Extreme Markup Languages 2006},
	Date-Added = {2008-03-17 18:16:04 +0100},
	Date-Modified = {2008-03-17 18:24:33 +0100},
	Title = {Modelling Linguistic Data Structures},
	Year = {2006}}

@inproceedings{dipper2005paula,
	Address = {Berlin, Germany},
	Author = {Dipper, Stefanie},
	Booktitle = {Berliner XML Tage 2005 (BXML 2005)},
	Date-Added = {2008-03-17 18:14:30 +0100},
	Date-Modified = {2008-06-13 10:43:25 +0200},
	Pages = {39-50},
	Title = {XML-based Stand-off Representation and Exploitation of Multi-Level Linguistic Annotation},
	Year = {2005}}

@book{cooper1999inmates,
	Address = {Indianapolis},
	Author = {Cooper, Alan},
	Date-Modified = {2008-05-26 18:29:02 +0200},
	Publisher = {Sams},
	Title = {The Inmates are Running the Asylum},
	Year = {1999}}

@article{burnard2000reference,
	Author = {Lou Burnard},
	Journal = {Oxford Universtity Computing Services},
	Title = {Reference Guide for the British National Corpus (World Edition)},
	Year = {2000}}

@book{bnc-handbook,
	Address = {Edinburgh},
	Author = {Aston, G. and Burnard, Lou},
	Date-Added = {2008-03-12 16:43:19 +0100},
	Date-Modified = {2008-03-12 16:44:35 +0100},
	Journal = {Edinburgh: Edinburgh University Press},
	Publisher = {Edinburgh University Press},
	Title = {The BNC Handbook},
	Year = {1998}}

@article{marcus1994building,
	Author = {Mitchell P. Marcus and Beatrice Santorini and Mary Ann Marcinkiewicz},
	Journal = {Computational Linguistics},
	Pages = {313},
	Title = {Building a Large Annotated Corpus of English: The Penn Treebank},
	Volume = {19},
	Year = {1994}}

@url{url-sfb441-c2,
	Author = {Johannes Dellert},
	Date-Added = {2008-01-04 09:32:51 +0100},
	Date-Modified = {2008-01-04 11:29:58 +0100},
	Lastchecked = {Dec 3, 2007},
	Title = {SFB 441 - Projekt C2},
	Url = {http://www.sfb441.uni-tuebingen.de/c2/index-engl.html},
	Urldate = {Dec 3, 2007},
	Bdsk-Url-1 = {http://www.sfb441.uni-tuebingen.de/c2/index-engl.html}}

@inproceedings{schmid94treetagger,
	Author = {Schmid, Helmut},
	Booktitle = {International Conference on New Methods in Language Processing},
	Date-Added = {2008-01-03 15:27:15 +0100},
	Date-Modified = {2008-07-24 12:09:23 +0200},
	Keywords = {Corpus-based NLP, Statistical NLP, Part-of-Speech Tagging},
	Month = {09},
	Title = {Probabilistic Part-of-Speech Tagging Using Decision Trees},
	Url = {http://www.ims.uni-stuttgart.de/ftp/pub/corpora/tree-tagger1.pdf},
	Year = {1994},
	Bdsk-Url-1 = {http://www.ims.uni-stuttgart.de/ftp/pub/corpora/tree-tagger1.pdf}}

@article{annis-dbis,
	Author = {Dipper, Stefanie AND G{\"o}tze, Michael AND Stede, Manfred AND Wengst, Tillmann},
	Date-Added = {2007-11-01 07:37:40 +0100},
	Date-Modified = {2007-11-01 07:40:51 +0100},
	Journal = {Interdisciplinary Studies on Information Structure},
	Number = {01},
	Pages = {245--279},
	Title = {ANNIS: A Linguistic Database for Exploring Information Structure},
	Year = {2004}}

@book{java-nutshell,
	Author = {David Flanagan},
	Date-Added = {2007-08-23 09:56:32 +0200},
	Date-Modified = {2007-08-23 09:58:44 +0200},
	Edition = {5},
	Howpublished = {O'},
	Month = {March},
	Publisher = {O'Reilly Media, Inc.; 5 edition},
	Title = {Java In A Nutshell, 5th Edition},
	Year = {2005}}

@unpublished{falko-richtilinien,
	Author = {Hirschmann, Hagen},
	Date-Added = {2007-06-02 18:06:33 +0200},
	Date-Modified = {2008-01-02 15:53:29 +0100},
	Note = {Internal Draft.},
	Title = {Vor{\"u}bergehende Annotierrichtlinien f{\"u}r die GU3- und GU2-Daten},
	Year = {2007}}

@book{dahme-systemanalyse,
	Annote = {Ausgehend von der Definition eines sozialen Systems als Integration von elementaren sozialen Systemen, die eine systemtheoretische Beschreibung von T{\"a}tigkeiten darstellen, verkn{\"u}pft der Autor System- und Selbstorganisationsans{\"a}tze mit T{\"a}tigkeitstheorie zu einem Systemkonzept menschlichen Handelns. Er untersucht u. a., was sich an einer T{\"a}tigkeit bzw. einer Entscheidung objektivieren l{\"a}{\ss}t und in welchem Ma{\ss}e Selbstorganisation und Kooperation als Mittel zur Beherrschung und Reduktion von Komplexit{\"a}t in sozialen Systemen diene. Das Werk bietet eine Grundlage f{\"u}r Software-Entwicklung und Entscheidungsvorbereitung aber auch f{\"u}r die konkrete Analyse und Modellbildung. },
	Author = {Christian Dahme},
	Date-Added = {2007-04-23 16:49:28 +0200},
	Date-Modified = {2007-04-23 17:00:32 +0200},
	Keywords = {Systemanalyse, T{\"a}tigkeitstheorie, soziale Systeme, Kooperation, Modellbildung},
	Publisher = {Westdeutscher Verlag},
	Rating = {4},
	Title = {Systemanalyse menschlichen Handelns},
	Year = {1997}}

@misc{seminar-textanalyse,
	Author = {H{\"u}tter, Karsten and Sch{\"u}mann, Bj{\"o}rn},
	Date-Added = {2007-04-23 16:39:43 +0200},
	Date-Modified = {2007-06-02 18:09:43 +0200},
	Howpublished = {Seminar - Qualitative und quantitative Methoden der Textanalyse},
	Keywords = {Korpora, Textanalyse, Unscharfe Suche, Boolesche Suche, Suche, Prozessmodell},
	Month = {04},
	Title = {Seminararbeit - Suche in digitalen Korpora},
	Year = {2007}}

@misc{cqp-manual,
	Author = {Christ, Oliver and Schulze, B.M. and Hofmann, Anja and K{\"o}nig, Esther},
	Date-Added = {2007-04-23 11:39:31 +0200},
	Date-Modified = {2007-04-23 12:03:43 +0200},
	Keywords = {CQP, Manual, IMS},
	Month = {August},
	Title = {The IMS Corpus Workbench: Corpus Query Processor (CQP) - User's Manual},
	Url = {http://www.ims.uni-stuttgart.de/projekte/CorpusWorkbench/CQPUserManual/HTML/cqpman.html},
	Year = {1999},
	Bdsk-Url-1 = {http://www.ims.uni-stuttgart.de/projekte/CorpusWorkbench/CQPUserManual/HTML/cqpman.html}}

@misc{christ-schulze-tuebingen,
	Author = {Christ, Oli and Schulze, B.M.},
	Date-Added = {2007-04-18 07:15:28 +0200},
	Date-Modified = {2007-04-18 07:18:32 +0200},
	Howpublished = {Tagungsbericht des Arbeitstreffen Lexikon + Text. Niemeyer},
	Keywords = {IMS Corpus Workbench},
	Title = {Ein flexibles und modulares Anfragesystem f{\"u}r Textcorpora, T{\"u}bingen},
	Year = {1995}}

@phdthesis{lezius-diss,
	Address = {Universit{\"a}t Stuttgart},
	Author = {Lezius, Wolfgang},
	Booktitle = {Arbeitspapiere des Instituts f{\"u}r Maschinelle Sprachverarbeitung},
	Date-Added = {2007-03-07 18:12:20 +0100},
	Date-Modified = {2008-09-02 11:41:23 +0200},
	Number = {4},
	Publisher = {AIMS},
	Title = {Ein Suchwerkzeug f{\"u}r syntaktisch annotierte Textkorpora},
	Url = {http://www.ims.uni-stuttgart.de/projekte/corplex/paper/lezius/diss/disslezius.pdf},
	Volume = {8},
	Year = {2002}}

@book{compling-einf,
	Date-Added = {2007-03-07 18:21:22 +0100},
	Date-Modified = {2007-03-12 10:43:05 +0100},
	Editor = {Carstensen, K.-U. and Ebert, Ch and Jekat, S. and Klabude, R. and Langer, H.},
	Publisher = {ELSEVIER},
	Title = {Computerlinguistik und Sprachtechnologie - Eine Einf{\"u}hrung},
	Volume = {2},
	Year = {2004}}

@article{schmidt2005exmaralda,
	Abstract = {Dieser Aufsatz gibt einen {\"U}berblick {\"u}ber EXMARaLDA, ein System aus Daten- 
modell, Datenformaten und Software-Werkzeugen zum computergest{\"u}tzten 
Erstellen und Analysieren von Korpora gesprochener Sprache. Der Schwerpunkt 
der Darstellung liegt auf der Nutzung der verschiedenen Softwarewerkzeuge -- ein 
Partitur-Editor zum Erstellen von Transkriptionen, ein Corpus-Manager zum 
Erstellen und Verwalten von Korpora und ein Suchwerkzeug zum Auswerten sol- 
cher Korpora -- f{\"u}r gespr{\"a}chsanalytische Zwecke.},
	Author = {Schmidt, Thomas and W{\"o}rner, Kai},
	Date-Added = {2007-03-08 13:32:25 +0100},
	Date-Modified = {2008-06-05 17:05:41 +0200},
	Journal = {Gespr{\"a}chsforschung - Online-Zeitschrift zur verbalen Interaktion},
	Keywords = {Transkription, Korpora, Analyse, Software, Datenarchivierung},
	Pages = {25},
	Title = {Erstellen und Analysieren von Gespr{\"a}chskorpora mit EXMARaLDA},
	Url = {http://www.gespraechsforschung-ozs.de/heft2005/px-woerner.pdf},
	Volume = {6},
	Year = {2005},
	Bdsk-Url-1 = {http://www.gespraechsforschung-ozs.de/heft2005/px-woerner.pdf}}

@misc{schiller1995stts,
	Author = {Schiller, A. and Teufel, S. and Thielen, C.},
	Date-Added = {2007-01-24 13:33:41 +0100},
	Date-Modified = {2008-08-22 11:09:52 +0200},
	Keywords = {STTS},
	Month = {09},
	Title = {Guidelines f{\"u}r das Tagging deutscher Textcorpora mit STTS},
	Url = {http://www.sfs.uni-tuebingen.de/Elwis/stts/stts-guide.ps.gz},
	Year = {1995},
	Bdsk-Url-1 = {http://www.sfs.uni-tuebingen.de/Elwis/stts/stts-guide.ps.gz}}

@misc{annis,
	Author = {G{\"o}tze, Michael and Dipper, Stefanie},
	Date-Added = {2007-01-24 12:55:24 +0100},
	Date-Modified = {2007-03-12 10:44:46 +0100},
	Keywords = {ANNIS},
	Title = {ANNIS: Complex Multilevel Annotations in a Linguistic Database},
	Url = {http://acl.ldc.upenn.edu/W/W06/W06-2709.pdf},
	Year = {2006},
	Bdsk-Url-1 = {http://acl.ldc.upenn.edu/W/W06/W06-2709.pdf}}

@misc{zecke,
	Author = {Schmidt, Thomas},
	Date-Added = {2007-01-24 12:44:57 +0100},
	Date-Modified = {2007-03-12 10:41:36 +0100},
	Keywords = {Zecke, EXMaRALDA},
	Title = {ZECKE - Ein Prototyp f{\"u}r ein Suchwerkzeug f{\"u}r EXMARaLDA-Daten}}

@mastersthesis{vitt2005dddquery,
	Author = {Vitt, Thorsten},
	Date-Added = {2007-01-04 14:31:02 +0100},
	Date-Modified = {2008-05-22 13:20:30 +0200},
	School = {Humboldt-Universit{\"a}t zu Berlin, Institut f{\"u}r Informatik, Berlin.},
	Title = {DDDquery: Anfragen an komplexe Korpora.},
	Url = {http://www.deutschdiachrondigital.de/publikationen/dddq.pdf},
	Year = {2005},
	Bdsk-Url-1 = {http://www.deutschdiachrondigital.de/publikationen/dddq.pdf}}

@inbook{dddquery-springer,
	Abstract = {We describe the design and implementation of the linguistic query language DDDquery. This language aims at querying a large linguistic database storing a corpus of richly annotated historic German texts. We use a graph-based data model that supports multiple independent annotation layers on a shared text layer as well as alignments of text layers representing the same text or related texts (e.g., translations). The corpus is stored in an object-relational database system with a text retrieval extension.
DDDquery is based on XPath to leverage the familiarity of many users with this language. It is translated to SQL in a two phase compilation with first order logic as an intermediate language. This approach effectively decouples the query language from the schema of the underlying corpus.
We provide an overview of DDDquery, the underlying ODAG data model, its implementation as relational schema, the predicates of the intermediate language, and describe both phases of the translation process.},
	Author = {Faulstich, Lukas C. and Leser, Ulf and Vitt, Thorsten},
	Chapter = {Implementing a Linguistic Query Language for Historic Texts.},
	Date-Added = {2007-01-04 14:28:47 +0100},
	Date-Modified = {2008-05-26 18:30:59 +0200},
	Pages = {601-612},
	Publisher = {Springer-Verl. Berlin, Heidelberg, New York},
	Title = {Current Trends in Database Technology -- EDBT 2006},
	Url = {http://www.deutschdiachrondigital.de/publikationen/qlqp.pdf},
	Volume = {Volume 4254/2006},
	Year = {2006},
	Bdsk-Url-1 = {http://www.deutschdiachrondigital.de/publikationen/qlqp.pdf}}

@misc{siemen2006falko,
	Abstract = {Der vorliegende Artikel gibt einenUberblickuber die Suche in einem fehlerannotierten Lernerkorpus. ``Fehlerannotiert'' bedeutet, dass die Fehler der Fremdsprachenlerner im Korpus annotiert sind. Das Falko-Korpus verfugtuber eine nicht-hierarchisch strukturierte multi-layer--Architektur, die um beliebige Annotationsebenen erweiterbar ist. Neben den von den Lernern gemachten sprachlichen Fehlern sind im Korpus syntaktische Strukturen annotiert. Wir zeigen auf, welche Problematik die Suche in solch tief annotierten Daten mit sich bringt und wie im Falko-Korpus damit verfahren wird. In einer technischen Darstellung wird der derzeitige Entwicklungsstand bezuglich der Suche im Korpus skizziert, und es werden geplante Wachstumsschritte vorgestellt.},
	Author = {Siemen, Peter and L{\"u}deling, Anke and M{\"u}ller, Frank Henrik},
	Date-Added = {2007-01-04 14:14:13 +0100},
	Date-Modified = {2008-06-13 10:54:15 +0200},
	Howpublished = {Vortrag f{\"u}r Konvens},
	Title = {FALKO - Ein fehlerannotiertes Lernerkorpus des Deutschen},
	Year = {2006}}

@misc{christ-ims,
	Author = {Oliver Christ and Bruno M. Schulze and Anja Hofmann and Esther K{\"o}nig},
	Date-Modified = {2007-03-12 10:45:39 +0100},
	Title = {The IMS Corpus Workbench: Corpus Query Processor (CQP) - User's Manual},
	Url = {citeseer.ist.psu.edu/christ99ims.html},
	Year = {1999},
	Bdsk-Url-1 = {citeseer.ist.psu.edu/christ99ims.html}}

@article{dam97postwimp,
	Address = {New York, NY, USA},
	Author = {Andries van Dam},
	Doi = {http://doi.acm.org/10.1145/253671.253708},
	Issn = {0001-0782},
	Journal = {Commun. ACM},
	Number = {2},
	Pages = {63--67},
	Publisher = {ACM},
	Title = {Post-WIMP user interfaces},
	Volume = {40},
	Year = {1997},
	Bdsk-Url-1 = {http://doi.acm.org/10.1145/253671.253708}}

@inproceedings{ellson2001graphviz,
	Author = {John Ellson and Emden R. Gansner and Eleftherios Koutsofios and Stephen North and Gordon Woodhull},
	Booktitle = {Graph Drawing},
	Pages = {483},
	Title = {Graphviz - Open Source Graph Drawing Tools},
	Year = {2001}}

@book{prze2004ipipan,
	Abstract = {This publication is an outcome of a project financed chiefly by the State Committee for Scientific Research (Komitet Bada{\'n} Naukowych; KBN; project number 7T11C04320) carried out at the Institute of Computer Science, Polish Academy of Sciences (ICS PAS) between April 2001 and March 2004, as well as the result of statutory research carried out at ICS PAS. Its aim is to present some of the results of the project, namely, the IPI PAN Corpus of written Polish, as well as tools for searching the corpus. This presentation should make it possible to effectively use both the corpus and the tools.},
	Address = {Warsaw},
	Author = {Adam Przepi{\'o}rkowski},
	Date-Modified = {2008-07-09 11:28:59 +0200},
	Publisher = {Institute of Computer Science, Polish Academy of Sciences},
	Title = {The {IPI PAN} Corpus: Preliminary version},
	Url = {http://nlp.ipipan.waw.pl/~adamp/Papers/2004-corpus/book_en.pdf},
	Year = 2004,
	Bdsk-Url-1 = {http://nlp.ipipan.waw.pl/~adamp/Papers/2004-corpus/book_en.pdf}}
